@article{chen2015survey,
  title={A survey of traffic data visualization},
  author={Chen, Wei and Guo, Fangzhou and Wang, Fei-Yue},
  journal={IEEE Transactions on Intelligent Transportation Systems},
  volume={16},
  number={6},
  pages={2970--2984},
  year={2015},
  publisher={IEEE}
}

@inproceedings{zeng2019route,
  title={Route-Aware Edge Bundling for Visualizing Origin-Destination Trails in Urban Traffic},
  author={Zeng, Wei and Shen, Qiaomu and Jiang, Yuzhe and Telea, Alexandru},
  booktitle={Computer Graphics Forum},
  volume={38},
  number={3},
  pages={581--593},
  year={2019},
  organization={Wiley Online Library}
}

@inproceedings{woodruff1998constant,
  title={Constant density visualizations of non-uniform distributions of data},
  author={Woodruff, Allison and Landay, James and Stonebraker, Michael},
  booktitle={Proceedings of the 11th annual ACM symposium on User interface software and technology},
  pages={19--28},
  year={1998}
}

@article{chen2014visual,
  title={Visual abstraction and exploration of multi-class scatterplots},
  author={Chen, Haidong and Chen, Wei and Mei, Honghui and Liu, Zhiqi and Zhou, Kun and Chen, Weifeng and Gu, Wentao and Ma, Kwan-Liu},
  journal={IEEE Transactions on Visualization and Computer Graphics},
  volume={20},
  number={12},
  pages={1683--1692},
  year={2014},
  publisher={IEEE}
}
@inproceedings{park2016visualization,
  title={Visualization-aware sampling for very large databases},
  author={Park, Yongjoo and Cafarella, Michael and Mozafari, Barzan},
  booktitle={2016 IEEE 32nd International Conference on Data Engineering (ICDE)},
  pages={755--766},
  year={2016},
  organization={IEEE}
}

@inproceedings{pelekis2010unsupervised,
  title={Unsupervised trajectory sampling},
  author={Pelekis, Nikos and Kopanakis, Ioannis and Panagiotakis, Costas and Theodoridis, Yannis},
  booktitle={Joint European Conference on Machine Learning and Knowledge Discovery in Databases},
  pages={17--33},
  year={2010},
  organization={Springer}
}

@inproceedings{pelekis2009clustering,
  title={Clustering trajectories of moving objects in an uncertain world},
  author={Pelekis, Nikos and Kopanakis, Ioannis and Kotsifakos, Evangelos and Frentzos, Elias and Theodoridis, Yannis},
  booktitle={2009 Ninth IEEE international conference on data mining},
  pages={417--427},
  year={2009},
  organization={IEEE}
}

@inproceedings{pelekis2007similarity,
  title={Similarity search in trajectory databases},
  author={Pelekis, Nikos and Kopanakis, Ioannis and Marketos, Gerasimos and Ntoutsi, Irene and Andrienko, Gennady and Theodoridis, Yannis},
  booktitle={14th International Symposium on Temporal Representation and Reasoning (TIME'07)},
  pages={129--140},
  year={2007},
  organization={IEEE}
}

@article{panagiotakis2011segmentation,
  title={Segmentation and sampling of moving object trajectories based on representativeness},
  author={Panagiotakis, Costas and Pelekis, Nikos and Kopanakis, Ioannis and Ramasso, Emmanuel and Theodoridis, Yannis},
  journal={IEEE Transactions on Knowledge and Data Engineering},
  volume={24},
  number={7},
  pages={1328--1343},
  year={2011},
  publisher={IEEE}
}

@article{liu2016smartadp,
  title={Smartadp: Visual analytics of large-scale taxi trajectories for selecting billboard locations},
  author={Liu, Dongyu and Weng, Di and Li, Yuhong and Bao, Jie and Zheng, Yu and Qu, Huamin and Wu, Yingcai},
  journal={IEEE transactions on visualization and computer graphics},
  volume={23},
  number={1},
  pages={1--10},
  year={2016},
  publisher={IEEE}
}

@article{wang2014visual,
  title={Visual exploration of sparse traffic trajectory data},
  author={Wang, Zuchao and Ye, Tangzhi and Lu, Min and Yuan, Xiaoru and Qu, Huamin and Yuan, Jacky and Wu, Qianliang},
  journal={IEEE transactions on visualization and computer graphics},
  volume={20},
  number={12},
  pages={1813--1822},
  year={2014},
  publisher={IEEE}
}

@inproceedings{battle2013dynamic,
	title={Dynamic reduction of query result sets for interactive visualizaton},
	author={Battle, Leilani and Stonebraker, Michael and Chang, Remco},
	booktitle={2013 IEEE International Conference on Big Data},
	pages={1--8},
	year={2013},
	organization={IEEE}
}

@article{shneiderman1984response,
	title={Response time and display rate in human performance with computers},
	author={Shneiderman, Ben},
	journal={ACM Computing Surveys (CSUR)},
	volume={16},
	number={3},
	pages={265--285},
	year={1984},
	publisher={ACM New York, NY, USA}
}

@inproceedings{zheng2010collaborative,
	title={Collaborative location and activity recommendations with GPS history data},
	author={Zheng, Vincent W and Zheng, Yu and Xie, Xing and Yang, Qiang},
	booktitle={Proceedings of the 19th international conference on World wide web},
	pages={1029--1038},
	year={2010}
}

@article{zheng2011learning,
	title={Learning travel recommendations from user-generated GPS traces},
	author={Zheng, Yu and Xie, Xing},
	journal={ACM Transactions on Intelligent Systems and Technology (TIST)},
	volume={2},
	number={1},
	pages={1--29},
	year={2011},
	publisher={ACM New York, NY, USA}
}

@inproceedings{thony2015vector,
	title={Vector map constrained path bundling in 3D environments},
	author={Th{\"o}ny, Matthias and Pajarola, Renato},
	booktitle={Proceedings of the 6th ACM SIGSPATIAL International Workshop on GeoStreaming},
	pages={33--42},
	year={2015}
}

@inproceedings{lampe2011interactive,
	title={Interactive visualization of streaming data with kernel density estimation},
	author={Lampe, Ove Daae and Hauser, Helwig},
	booktitle={2011 IEEE Pacific visualization symposium},
	pages={171--178},
	year={2011},
	organization={IEEE}
}

@inproceedings{scheepens2011interactive,
	title={Interactive visualization of multivariate trajectory data with density maps},
	author={Scheepens, Roeland and Willems, Niels and van de Wetering, Huub and van Wijk, Jarke J},
	booktitle={2011 IEEE Pacific Visualization Symposium},
	pages={147--154},
	year={2011},
	organization={IEEE}
}

@inproceedings{zeng2013visualizing,
	title={Visualizing interchange patterns in massive movement data},
	author={Zeng, Wei and Fu, Chi-Wing and Arisona, Stefan M{\"u}ller and Qu, Huamin},
	booktitle={Computer Graphics Forum},
	volume={32},
	number={3pt3},
	pages={271--280},
	year={2013},
	organization={Wiley Online Library}
}

@article{von2015mobilitygraphs,
	title={Mobilitygraphs: Visual analysis of mass mobility dynamics via spatio-temporal graphs and clustering},
	author={Von Landesberger, Tatiana and Brodkorb, Felix and Roskosch, Philipp and Andrienko, Natalia and Andrienko, Gennady and Kerren, Andreas},
	journal={IEEE transactions on visualization and computer graphics},
	volume={22},
	number={1},
	pages={11--20},
	year={2015},
	publisher={IEEE}
}


@article{piringer2009multi,
	title={A multi-threading architecture to support interactive visual exploration},
	author={Piringer, Harald and Tominski, Christian and Muigg, Philipp and Berger, Wolfgang},
	journal={IEEE Transactions on Visualization and Computer Graphics},
	volume={15},
	number={6},
	pages={1113--1120},
	year={2009},
	publisher={IEEE}
}

@inproceedings{chan2008maintaining,
	title={Maintaining interactivity while exploring massive time series},
	author={Chan, Sye-Min and Xiao, Ling and Gerth, John and Hanrahan, Pat},
	booktitle={2008 IEEE Symposium on Visual Analytics Science and Technology},
	pages={59--66},
	year={2008},
	organization={IEEE}
}

@article{guo2009flow,
	title={Flow mapping and multivariate visualization of large spatial interaction data},
	author={Guo, Diansheng},
	journal={IEEE Transactions on Visualization and Computer Graphics},
	volume={15},
	number={6},
	pages={1041--1048},
	year={2009},
	publisher={IEEE}
}

@article{wood2010visualisation,
	title={Visualisation of origins, destinations and flows with OD maps},
	author={Wood, Jo and Dykes, Jason and Slingsby, Aidan},
	journal={The Cartographic Journal},
	volume={47},
	number={2},
	pages={117--129},
	year={2010},
	publisher={Taylor \& Francis}
}